@book{Bellman-DP,
  author =       {Bellman, Richard},
  title =        {Dynamic Programming},
  publisher =    {Princeton University Press},
  year =         {1957},
  address =   {Princeton, NJ, USA},
  edition =   {1st}
}

@book{Sutton-RL,
  added-at = {2019-07-13T10:11:53.000+0200},
  author = {Sutton, Richard S. and Barto, Andrew G.},
  biburl = {https://www.bibsonomy.org/bibtex/2f46601cf8b13d39d1378af0d79438b12/lanteunis},
  edition = {2nd},
  interhash = {ac6b144aaec1819919a2fba9f705c852},
  intrahash = {f46601cf8b13d39d1378af0d79438b12},
  publisher = {The MIT Press},
  timestamp = {2019-07-13T10:11:53.000+0200},
  title = {Reinforcement Learning: An Introduction},
  year = {2018}
}

@book{minsky2017perceptrons,
  title={Perceptrons: An introduction to computational geometry},
  author={Minsky, Marvin and Papert, Seymour A},
  year={2017},
  publisher={MIT press}
}

@booklet{Egg_Survey,
	title = {Reinforcement Learning in Robotics: A Survey},
	author = {{Jan Peters} and {J. Andrew Bagnell} and {Jens Kober}},
	year = {2009}
}

@booklet{Sutton-PGRL,
	address = {AT\&T Labs - Research, 180 Park Avenue, Florham Park, NJ 07932},
	title = {Policy Gradient Methods for Reinforcement Learning with Function Approximation},
	author = {{David McAllester} and {Richard S. Sutton} and {Satinder Singh} and {Yishay Mansour}},
	URL = {http://papers.nips.cc/paper/1713-policy-gradient-methods-for-reinforcement-learning-with-function-approximation.pdf}
}

@booklet{Sutton-EliTraces,
	address = {Department of Computing Science University of Alberta, Edmonton, Alberta},
	title = {iLSTD: Eligibility Traces and Convergence Analysis},
	author = {{Alborz Geramifard} and {Martin Zinkevich} and {Michael Bowling} and {Richard S. Sutton}},
	URL = {http://papers.nips.cc/paper/3092-ilstd-eligibility-traces-and-convergence-analysis.pdf}
}

@booklet{Benjamin-TDFA,
	address = {Laboratory for Information and Decision Systems Massachusetts Institute of Technology Cambridge, MA 02139},
	title = {Analysis of Temporal-Difference Learning with Function Approximation},
	author = {{Benjamin Van Roy} and {John N. Tsitsiklis}},
	URL = {http://papers.nips.cc/paper/1269-analysis-of-temporal-diffference-learning-with-function-approximation.pdf}
}

@misc{hall2011high,
  title={High definition lidar system},
  author={Hall, David S},
  year={2011},
  month=jun # "~28",
  publisher={Google Patents},
  note={US Patent 7,969,558}
}

@misc{Maclaurin-GradientHPT,
    title={Gradient-based Hyperparameter Optimization through Reversible Learning},
    author={Dougal Maclaurin and David Duvenaud and Ryan P. Adams},
    year={2015},
    eprint={1502.03492},
    archivePrefix={arXiv},
    primaryClass={stat.ML}
}

@misc{OpenAiGym,
  Author = {Greg Brockman and Vicki Cheung and Ludwig Pettersson and Jonas Schneider and John Schulman and Jie Tang and Wojciech Zaremba},
  Title = {OpenAI Gym},
  Year = {2016},
  Eprint = {arXiv:1606.01540},
}

@misc{Duckietown,
  author = {Chevalier-Boisvert, Maxime and Golemo, Florian and Cao, Yanjun and Mehta, Bhairav and Paull, Liam},
  title = {Duckietown Environments for OpenAI Gym},
  year = {2018},
  publisher = {GitHub},
  journal = {GitHub repository},
  howpublished = {\url{https://github.com/duckietown/gym-duckietown}},
}

@misc{scikit-opt,
  author       = {Head, Tim and
                  Kumar, Manoj and
                  Nahrstaedt, Holger and
                  Louppe, Gilles and
                  Shcherbatyi, Iaroslav},
  title        = {scikit-optimize/scikit-optimize},
  month        = sep,
  year         = 2020,
  publisher    = {Zenodo},
  version      = {v0.8.1},
  doi          = {10.5281/zenodo.4014775},
  url          = {https://doi.org/10.5281/zenodo.4014775}
}

@incollection{bucsoniu2010multi,
  title={Multi-agent reinforcement learning: An overview},
  author={Bu{\c{s}}oniu, Lucian and Babu{\v{s}}ka, Robert and De Schutter, Bart},
  booktitle={Innovations in multi-agent systems and applications-1},
  pages={183--221},
  year={2010},
  publisher={Springer}
}

@incollection{torrey2010transfer,
  title={Transfer learning},
  author={Torrey, Lisa and Shavlik, Jude},
  booktitle={Handbook of research on machine learning applications and trends: algorithms, methods, and techniques},
  pages={242--264},
  year={2010},
  publisher={IGI global}
}

@inproceedings{asseo1988terrain,
  title={Terrain following/terrain avoidance path optimization using the method of steepest descent},
  author={Asseo, Sabi J},
  booktitle={Proceedings of the IEEE 1988 National Aerospace and Electronics Conference},
  pages={1128--1136},
  year={1988},
  organization={IEEE}
}

@inproceedings{konda2000actor,
  title={Actor-critic algorithms},
  author={Konda, Vijay R and Tsitsiklis, John N},
  booktitle={Advances in neural information processing systems},
  pages={1008--1014},
  year={2000}
}

@inproceedings{ten2003exploration,
  title={Exploration/exploitation in adaptive recommender systems},
  author={Ten Hagen, Stephan and Van Someren, Maarten and Hollink, Vera and others},
  booktitle={Proceedings of the European Symposium on Intelligent Technologies, Hybrid Systems and their implementation on Smart Adaptive Systems},
  year={2003},
  organization={Citeseer}
}

@inproceedings{uchibe2004competitive,
  title={Competitive-cooperative-concurrent reinforcement learning with importance sampling},
  author={Uchibe, Eiji and Doya, Kenji},
  booktitle={Proc. of International Conference on Simulation of Adaptive Behavior: From Animals and Animats},
  pages={287--296},
  year={2004}
}

@inproceedings{anshar2007extended,
  title={Extended Evolutionary Approach for Four-Legged Robots A Fast Learn-to-Walk Capability},
  author={Anshar, Muh and Williams, Mary-Anne},
  booktitle={Proceedings of International Conference on Intelligent Unmanned Systems},
  volume={3},
  year={2007}
}

@inproceedings{bhatnagar2008incremental,
  title={Incremental natural actor-critic algorithms},
  author={Bhatnagar, Shalabh and Ghavamzadeh, Mohammad and Lee, Mark and Sutton, Richard S},
  booktitle={Advances in neural information processing systems},
  pages={105--112},
  year={2008}
}

@inproceedings{quigley2009ros,
  title={ROS: an open-source Robot Operating System},
  author={Quigley, Morgan and Conley, Ken and Gerkey, Brian and Faust, Josh and Foote, Tully and Leibs, Jeremy and Wheeler, Rob and Ng, Andrew Y},
  booktitle={ICRA workshop on open source software},
  volume={3},
  number={3.2},
  pages={5},
  year={2009},
  organization={Kobe, Japan}
}

@inproceedings{snoek2012practical,
  title={Practical bayesian optimization of machine learning algorithms},
  author={Snoek, Jasper and Larochelle, Hugo and Adams, Ryan P},
  booktitle={Advances in neural information processing systems},
  pages={2951--2959},
  year={2012}
}

@inproceedings{silver2014deterministic,
  title={Deterministic policy gradient algorithms},
  author={Silver, David and Lever, Guy and Heess, Nicolas and Degris, Thomas and Wierstra, Daan and Riedmiller, Martin},
  year={2014}
}

@inproceedings{braylan2015frame,
  title={Frame skip is a powerful parameter for learning to play atari},
  author={Braylan, Alex and Hollenbeck, Mark and Meyerson, Elliot and Miikkulainen, Risto},
  booktitle={Workshops at the Twenty-Ninth AAAI Conference on Artificial Intelligence},
  year={2015}
}

@inproceedings{schulman2015trust,
  title={Trust region policy optimization},
  author={Schulman, John and Levine, Sergey and Abbeel, Pieter and Jordan, Michael and Moritz, Philipp},
  booktitle={International conference on machine learning},
  pages={1889--1897},
  year={2015}
}

@inproceedings{lee2016gradient,
  title={Gradient descent only converges to minimizers},
  author={Lee, Jason D and Simchowitz, Max and Jordan, Michael I and Recht, Benjamin},
  booktitle={Conference on learning theory},
  pages={1246--1257},
  year={2016}
}

@inproceedings{wang2016dueling,
  title={Dueling network architectures for deep reinforcement learning},
  author={Wang, Ziyu and Schaul, Tom and Hessel, Matteo and Hasselt, Hado and Lanctot, Marc and Freitas, Nando},
  booktitle={International conference on machine learning},
  pages={1995--2003},
  year={2016}
}

@inproceedings{tai2017virtual,
  title={Virtual-to-real deep reinforcement learning: Continuous control of mobile robots for mapless navigation},
  author={Tai, Lei and Paolo, Giuseppe and Liu, Ming},
  booktitle={2017 IEEE/RSJ International Conference on Intelligent Robots and Systems (IROS)},
  pages={31--36},
  year={2017},
  organization={IEEE}
}

@inproceedings{liang2018rllib,
  title={RLlib: Abstractions for distributed reinforcement learning},
  author={Liang, Eric and Liaw, Richard and Nishihara, Robert and Moritz, Philipp and Fox, Roy and Goldberg, Ken and Gonzalez, Joseph and Jordan, Michael and Stoica, Ion},
  booktitle={International Conference on Machine Learning},
  pages={3053--3062},
  year={2018}
}

@inproceedings{yang2020theoretical,
  title={A theoretical analysis of deep Q-learning},
  author={Yang, Zhuoran and Xie, Yuchen and Wang, Zhaoran},
  booktitle={Learning for Dynamics and Control},
  pages={486--489},
  year={2020},
  organization={PMLR}
}

@article{pontryagin1966games,
  title={On the theory of differential games},
  author={Pontryagin, Lev Semenovich},
  journal={RuMaS},
  volume={21},
  number={4},
  pages={193--246},
  year={1966}
}

@article{coraluppi1969stochastic,
  title={Stochastic signal representation},
  author={Coraluppi, G and Young, Tzay},
  journal={IEEE Transactions on Circuit Theory},
  volume={16},
  number={2},
  pages={155--161},
  year={1969},
  publisher={IEEE}
}

@article{pohl1970heuristic,
  title={Heuristic search viewed as path finding in a graph},
  author={Pohl, Ira},
  journal={Artificial intelligence},
  volume={1},
  number={3-4},
  pages={193--204},
  year={1970},
  publisher={Citeseer}
}

@article{watkins1989learning,
  title={Learning from delayed rewards},
  author={Watkins, Christopher John Cornish Hellaby},
  year={1989},
  publisher={King's College, Cambridge}
}

@article{stephen1990perceptron,
  title={Perceptron-based learning algorithms},
  author={Stephen, I},
  journal={IEEE Transactions on neural networks},
  volume={50},
  number={2},
  pages={179},
  year={1990}
}

@article{williams1992simple,
  title={Simple statistical gradient-following algorithms for connectionist reinforcement learning},
  author={Williams, Ronald J},
  journal={Machine learning},
  volume={8},
  number={3-4},
  pages={229--256},
  year={1992},
  publisher={Springer}
}

@article{Tesauro1994TD,
  title={TD-Gammon, a self-teaching backgammon program, achieves master-level play},
  author={Tesauro, Gerald},
  journal={Neural computation},
  volume={6},
  number={2},
  pages={215--219},
  year={1994},
  publisher={MIT Press}
}

@article{rossum1995python,
  title={Python reference manual},
  author={Rossum, Guido},
  year={1995},
  publisher={CWI (Centre for Mathematics and Computer Science)}
}

@article{gillespie1996exact,
  title={Exact numerical simulation of the Ornstein-Uhlenbeck process and its integral},
  author={Gillespie, Daniel T},
  journal={Physical review E},
  volume={54},
  number={2},
  pages={2084},
  year={1996},
  publisher={APS}
}

@article{Schapire1997Boost,
  title={A decision-theoretic generalization of on-line learning and an application to boosting},
  author={Freund, Yoav and Schapire, Robert E},
  journal={Journal of computer and system sciences},
  volume={55},
  number={1},
  pages={119--139},
  year={1997},
  publisher={Elsevier}
}

@article{baker1998universal,
  title={Universal approximation theorem for interval neural networks},
  author={Baker, Mark R and Patil, Rajendra B},
  journal={Reliable Computing},
  volume={4},
  number={3},
  pages={235--239},
  year={1998},
  publisher={Springer}
}

@article{sutton2000comparing,
  title={Comparing policy-gradient algorithms},
  author={Sutton, Richard S and Singh, SP and McAllester, DA},
  journal={URL http://citeseerx. ist. psu. edu/viewdoc/download},
  year={2000}
}

@article{opencv_library,
    author = {Bradski, G.},
    citeulike-article-id = {2236121},
    journal = {Dr. Dobb's Journal of Software Tools},
    keywords = {bibtex-import},
    posted-at = {2008-01-15 19:21:54},
    priority = {4},
    title = {{The OpenCV Library}},
    year = {2000}
}

@article{2004Markov,
  title={The life and work of AA Markov},
  author={Basharin, Gely P and Langville, Amy N and Naumov, Valeriy A},
  journal={Linear algebra and its applications},
  volume={386},
  pages={3--26},
  year={2004},
  publisher={Elsevier}
}

@article{yao2007early,
  title={On early stopping in gradient descent learning},
  author={Yao, Yuan and Rosasco, Lorenzo and Caponnetto, Andrea},
  journal={Constructive Approximation},
  volume={26},
  number={2},
  pages={289--315},
  year={2007},
  publisher={Springer}
}

@inproceedings{krizhevsky2012imagenet,
  title={Imagenet classification with deep convolutional neural networks},
  author={Krizhevsky, Alex and Sutskever, Ilya and Hinton, Geoffrey E},
  booktitle={Advances in neural information processing systems},
  pages={1097--1105},
  year={2012}
}

@inproceedings{mnih2016asynchronous,
  title={Asynchronous methods for deep reinforcement learning},
  author={Mnih, Volodymyr and Badia, Adria Puigdomenech and Mirza, Mehdi and Graves, Alex and Lillicrap, Timothy and Harley, Tim and Silver, David and Kavukcuoglu, Koray},
  booktitle={International conference on machine learning},
  pages={1928--1937},
  year={2016}
}

@article{smith2012point,
  title={Point-based POMDP algorithms: Improved analysis and implementation},
  author={Smith, Trey and Simmons, Reid},
  journal={arXiv preprint arXiv:1207.1412},
  year={2012}
}

@article{mnih2013playing,
  title={Playing atari with deep reinforcement learning},
  author={Mnih, Volodymyr and Kavukcuoglu, Koray and Silver, David and Graves, Alex and Antonoglou, Ioannis and Wierstra, Daan and Riedmiller, Martin},
  journal={arXiv preprint arXiv:1312.5602},
  year={2013}
}

@article{zhang2013intelligent,
  title={Intelligent facial emotion recognition and semantic-based topic detection for a humanoid robot},
  author={Zhang, Li and Jiang, Ming and Farid, Dewan and Hossain, M Alamgir},
  journal={Expert Systems with Applications},
  volume={40},
  number={13},
  pages={5160--5168},
  year={2013},
  publisher={Elsevier}
}

@article{komninos2013cities,
  title={Special issue on smart cities and the future internet in Europe},
  author={Komninos, Nicos and Pallot, Marc and Schaffers, Hans},
  journal={Journal of the Knowledge Economy},
  volume={4},
  number={2},
  pages={119--134},
  year={2013},
  publisher={Springer}
}

@article{xu2014reinforcement,
  title={Reinforcement learning algorithms with function approximation: Recent advances and applications},
  author={Xu, Xin and Zuo, Lei and Huang, Zhenhua},
  journal={Information Sciences},
  volume={261},
  pages={1--31},
  year={2014},
  publisher={Elsevier}
}

@article{cevher2014convex,
  title={Convex optimization for big data: Scalable, randomized, and parallel algorithms for big data analytics},
  author={Cevher, Volkan and Becker, Stephen and Schmidt, Mark},
  journal={IEEE Signal Processing Magazine},
  volume={31},
  number={5},
  pages={32--43},
  year={2014},
  publisher={IEEE}
}

@article{lillicrap2015continuous,
  title={Continuous control with deep reinforcement learning},
  author={Lillicrap, Timothy P and Hunt, Jonathan J and Pritzel, Alexander and Heess, Nicolas and Erez, Tom and Tassa, Yuval and Silver, David and Wierstra, Daan},
  journal={arXiv preprint arXiv:1509.02971},
  year={2015}
}

@article{schaul2015prioritized,
  title={Prioritized experience replay},
  author={Schaul, Tom and Quan, John and Antonoglou, Ioannis and Silver, David},
  journal={arXiv preprint arXiv:1511.05952},
  year={2015}
}


@article{babaeizadeh2016reinforcement,
  title={Reinforcement learning through asynchronous advantage actor-critic on a gpu},
  author={Babaeizadeh, Mohammad and Frosio, Iuri and Tyree, Stephen and Clemons, Jason and Kautz, Jan},
  journal={arXiv preprint arXiv:1611.06256},
  year={2016}
}

@article{abadi2016tensorflow,
  title={Tensorflow: Large-scale machine learning on heterogeneous distributed systems},
  author={Abadi, Mart{\'\i}n and Agarwal, Ashish and Barham, Paul and Brevdo, Eugene and Chen, Zhifeng and Citro, Craig and Corrado, Greg S and Davis, Andy and Dean, Jeffrey and Devin, Matthieu and others},
  journal={arXiv preprint arXiv:1603.04467},
  year={2016}
}

@article{bojarski2016cars,
  title={End to end learning for self-driving cars},
  author={Bojarski, Mariusz and Del Testa, Davide and Dworakowski, Daniel and Firner, Bernhard and Flepp, Beat and Goyal, Prasoon and Jackel, Lawrence D and Monfort, Mathew and Muller, Urs and Zhang, Jiakai and others},
  journal={arXiv preprint arXiv:1604.07316},
  year={2016}
}

@article{ruder2016overview,
  title={An overview of gradient descent optimization algorithms},
  author={Ruder, Sebastian},
  journal={arXiv preprint arXiv:1609.04747},
  year={2016}
}

@article{babaeizadeh2016ga3c,
  title={GA3C: GPU-based A3C for deep reinforcement learning},
  author={Babaeizadeh, Mohammad and Frosio, Iuri and Tyree, Stephen and Clemons, Jason and Kautz, Jan},
  journal={CoRR abs/1611.06256},
  year={2016}
}

@article{zhu2017effective,
  title={Effective warm start for the online actor-critic reinforcement learning based mhealth intervention},
  author={Zhu, Feiyun and Liao, Peng},
  journal={arXiv preprint arXiv:1704.04866},
  year={2017}
}

@article{zheng2017magent,
  title={Magent: A many-agent reinforcement learning platform for artificial collective intelligence},
  author={Zheng, Lianmin and Yang, Jiacheng and Cai, Han and Zhang, Weinan and Wang, Jun and Yu, Yong},
  journal={arXiv preprint arXiv:1712.00600},
  year={2017}
}

@article{su2017sample,
  title={Sample-efficient actor-critic reinforcement learning with supervised data for dialogue management},
  author={Su, Pei-Hao and Budzianowski, Pawel and Ultes, Stefan and Gasic, Milica and Young, Steve},
  journal={arXiv preprint arXiv:1707.00130},
  year={2017}
}

@article{jimenez2017pygpgo,
  title={pyGPGO: Bayesian optimization for Python},
  author={Jim{\'e}nez, Jos{\'e} and Ginebra, Josep},
  journal={Journal of Open Source Software},
  volume={2},
  number={19},
  pages={431},
  year={2017}
}

@article{kahn2017uncertainty,
  title={Uncertainty-aware reinforcement learning for collision avoidance},
  author={Kahn, Gregory and Villaflor, Adam and Pong, Vitchyr and Abbeel, Pieter and Levine, Sergey},
  journal={arXiv preprint arXiv:1702.01182},
  year={2017}
}

@article{gao2017adaptive,
  title={Adaptive traffic signal control: Deep reinforcement learning algorithm with experience replay and target network},
  author={Gao, Juntao and Shen, Yulong and Liu, Jia and Ito, Minoru and Shiratori, Norio},
  journal={arXiv preprint arXiv:1705.02755},
  year={2017}
}

@article{sun2017learning,
  title={Learning pooling for convolutional neural network},
  author={Sun, Manli and Song, Zhanjie and Jiang, Xiaoheng and Pan, Jing and Pang, Yanwei},
  journal={Neurocomputing},
  volume={224},
  pages={96--104},
  year={2017},
  publisher={Elsevier}
}

@article{marcus2018deep,
  title={Deep learning: A critical appraisal},
  author={Marcus, Gary},
  journal={arXiv preprint arXiv:1801.00631},
  year={2018}
}

@article{haarnoja2018soft,
  title={Soft actor-critic: Off-policy maximum entropy deep reinforcement learning with a stochastic actor},
  author={Haarnoja, Tuomas and Zhou, Aurick and Abbeel, Pieter and Levine, Sergey},
  journal={arXiv preprint arXiv:1801.01290},
  year={2018}
}

@article{neal2018modern,
  title={A modern take on the bias-variance tradeoff in neural networks},
  author={Neal, Brady and Mittal, Sarthak and Baratin, Aristide and Tantia, Vinayak and Scicluna, Matthew and Lacoste-Julien, Simon and Mitliagkas, Ioannis},
  journal={arXiv preprint arXiv:1810.08591},
  year={2018}
}

@article{beyer2019mulex,
  title={Mulex: Disentangling exploitation from exploration in deep rl},
  author={Beyer, Lucas and Vincent, Damien and Teboul, Olivier and Gelly, Sylvain and Geist, Matthieu and Pietquin, Olivier},
  journal={arXiv preprint arXiv:1907.00868},
  year={2019}
}

@article{barreto2020fast,
  title={Fast reinforcement learning with generalized policy updates},
  author={Barreto, Andr{\'e} and Hou, Shaobo and Borsa, Diana and Silver, David and Precup, Doina},
  journal={Proceedings of the National Academy of Sciences},
  year={2020},
  publisher={National Acad Sciences}
}

@article{Blackwell-DP,
 ISSN = {00034851},
 URL = {http://www.jstor.org/stable/2237546},
 author = {David Blackwell},
 journal = {The Annals of Mathematical Statistics},
 number = {2},
 pages = {719--726},
 publisher = {Institute of Mathematical Statistics},
 title = {Discrete Dynamic Programming},
 volume = {33},
 year = {1962}
}

@article{Kent_Miller-E_E,
 ISSN = {14761270, 1741315X},
 URL = {https://www.jstor.org/stable/26369291},
 journal = {Strategic Organization},
 number = {1},
 pages = {53--72},
 publisher = {Sage Publications, Ltd.},
 title = {Organizational learning with forgetting: Reconsidering the exploration–exploitation tradeoff},
 volume = {14},
 year = {2016}
}

@article{Currie-MLE,
 ISSN = {00359254, 14679876},
 URL = {http://www.jstor.org/stable/2986044},
 author = {Iain D. Currie},
 journal = {Journal of the Royal Statistical Society. Series C (Applied Statistics)},
 number = {3},
 pages = {379--394},
 publisher = {[Wiley, Royal Statistical Society]},
 title = {Maximum Likelihood Estimation and Mathematica},
 volume = {44},
 year = {1995}
}

@article{Yang-MLE,
 ISSN = {19463979, 19463987},
 URL = {http://www.jstor.org/stable/26268533},
 author = {Shih-Po Lin and Lei Shi and Ren-Jye Yang},
 journal = {SAE International Journal of Materials and Manufacturing},
 number = {3},
 pages = {375--381},
 publisher = {SAE International},
 title = {Sampling-Based RBDO Using Score Function with Re-Weighting Scheme},
 volume = {6},
 year = {2013}
}

@article{Nature_DQN-SI,
	title = {Human-level control through deep reinforcement learning},
	volume = {518},
	copyright = {Macmillan Publishers Limited},
	language = {English},
	number = {14236},
	journal = {Nature},
	author = {{Andrei A. Rusu} and {Alex Graves} and {Andreas K. Fidjeland} and {Amir Sadik} and {Charles Beattie} and {Daan Wierstra} and {+12}},
	month = feb,
	year = {2015},
	pages = {529 533}
}

@article{Gautam-car_crashes,
 ISSN = {0096736X, 25771531},
 URL = {http://www.jstor.org/stable/44719208},
 journal = {SAE Transactions},
 pages = {327--333},
 publisher = {SAE International},
 title = {Intelligent Algorithms for Early Detection of Automotive Crashes},
 volume = {111},
 year = {2002}
}

@article{Tze_Leung_Lai-Stochastic,
 ISSN = {00905364},
 URL = {http://www.jstor.org/stable/3448398},
 author = {Tze Leung Lai},
 journal = {The Annals of Statistics},
 number = {2},
 pages = {391--406},
 publisher = {Institute of Mathematical Statistics},
 title = {Stochastic Approximation},
 volume = {31},
 year = {2003}
}

@article{Eugene_A._Feinberg-MDP,
 ISSN = {07492170},
 URL = {http://www.jstor.org/stable/4355936},
 author = {Eugene A. Feinberg},
 journal = {Lecture Notes-Monograph Series},
 pages = {29--43},
 publisher = {Institute of Mathematical Statistics},
 title = {On Measurability and Representation of Strategic Measures in Markov Decision Processes},
 volume = {30},
 year = {1996}
}

@article{Aihara-BOOT_PG,
 ISSN = {13507265},
 URL = {http://www.jstor.org/stable/3318930},
 author = {Tadayoshi Fushiki and Fumiyasu Komaki and Kazuyuki Aihara},
 journal = {Bernoulli},
 number = {2},
 pages = {293--307},
 publisher = {International Statistical Institute (ISI) and Bernoulli Society for Mathematical Statistics and Probability},
 title = {Nonparametric Bootstrap Prediction},
 volume = {11},
 year = {2005}
}

@article{Aaron-Brain_models,
 ISSN = {00278424},
 URL = {http://www.jstor.org/stable/41588257},
 author = {Petra E. Vértes and Aaron F. Alexander-Bloch and Nitin Gogtay and Jay N. Giedd and Judith L. Rapoport and Edward T. Bullmore},
 journal = {Proceedings of the National Academy of Sciences of the United States of America},
 number = {15},
 pages = {5868--5873},
 publisher = {National Academy of Sciences},
 title = {Simple models of human brain functional networks},
 volume = {109},
 year = {2012}
}

@article{Powell-SIE,
 ISSN = {00206598, 14682354},
 URL = {http://www.jstor.org/stable/4542007},
 author = {Andres Aradillas-Lopez and Bo E. Honoré and James L. Powell},
 journal = {International Economic Review},
 number = {4},
 pages = {1119--1158},
 publisher = {[Economics Department of the University of Pennsylvania, Wiley, Institute of Social and Economic Research, Osaka University]},
 title = {Pairwise Difference Estimation with Nonparametric Control Variables},
 volume = {48},
 year = {2007}
}
